@article{Audhya:2011:SCA:1988563.1988571,
 author = {Audhya, Goutam K. and Sinha, Koushik and Ghosh, Sasthi C. and Sinha, Bhabani P.},
 title = {A Survey on the Channel Assignment Problem in Wireless Networks},
 journal = {Wirel. Commun. Mob. Comput.},
 issue_date = {May 2011},
 volume = {11},
 number = {5},
 month = may,
 year = {2011},
 issn = {1530-8669},
 pages = {583--609},
 numpages = {27},
 url = {http://dx.doi.org/10.1002/wcm.898},
 doi = {10.1002/wcm.898},
 acmid = {1988571},
 publisher = {John Wiley and Sons Ltd.},
 address = {Chichester, UK},
 keywords = {cellular networks, channel assignment, cognitive radio networks, multimedia cellular networks, spectrum utilization},
}

@incollection{Kar72,
  year = {1972},
  isbn = {978-1-4684-2003-6},
  booktitle = {Complexity of Computer Computations},
  series = {The IBM Research Symposia Series},
  editor = {Miller, Raymond E. and Thatcher, James W. and Bohlinger, Jean D.},
  doi = {10.1007/978-1-4684-2001-2_9},
  title = {Reducibility among Combinatorial Problems},
  url = {http://dx.doi.org/10.1007/978-1-4684-2001-2_9},
  publisher = {Springer US},
  author = {Karp, Richard M.},
  pages = {85-103},
}

@INPROCEEDINGS{7248845, 
author={R. Wang and C. Zhou and A. Mazumder and A. Das and H. A. Kierstead and A. Sen}, 
booktitle={2015 IEEE International Conference on Communications (ICC)}, 
title={Upper and lower bounds of Choice Number for successful channel assignment in cellular networks}, 
year={2015}, 
pages={3370-3375}, 
keywords={cellular radio;channel allocation;graph colouring;band buffering system;cellular graph;cellular network;channel assignment;choice number lower bound;choice number upper bound;frequency channel subset;graph theory;list coloring problem;Channel allocation;Color;Interference;Mobile communication;Mobile computing;Upper bound;Wireless communication},
doi={10.1109/ICC.2015.7248845},
url={https://doi.org/10.1109/ICC.2015.7248845},
ISSN={1550-3607}, 
month={June},}


@article{1456167, 
author={W. K. Hale}, 
journal={Proceedings of the IEEE}, 
title={Frequency assignment: Theory and applications}, 
year={1980}, 
volume={68}, 
number={12}, 
pages={1497-1514}, 
keywords={Bandwidth;Constraint optimization;Electromagnetic spectrum;Frequency;Interference constraints;Interference elimination;Radio transmitters;Radiofrequency identification;Telegraphy;US Department of Commerce}, 
doi={10.1109/PROC.1980.11899},
url={https://doi.org/10.1109/PROC.1980.11899},
ISSN={0018-9219}, 
month={Dec},
}

@INPROCEEDINGS{662943, 
author={A. Sen and T. Roxborough and S. Medidi}, 
booktitle={INFOCOM '98. Seventeenth Annual Joint Conference of the IEEE Computer and Communications Societies. Proceedings. IEEE}, 
title={Upper and lower bounds of a class of channel assignment problems in cellular networks}, 
year={1998}, 
volume={3}, 
pages={1284-1291 vol.3}, 
keywords={buffer storage;cellular radio;computational complexity;frequency allocation;graph colouring;land mobile radio;optimisation;radio networks;radiofrequency interference;algorithm complexity;asymptotically optimal algorithms;call originating cell;cellular graphs;cellular networks;channel assignment problems;distance-k chromatic number problem;graph coloring;hexagonal cell structures;interference;k-band buffering system;k-band chromatic bandwidth problem;lower bound;upper bound;Bandwidth;Cellular networks;Computer science;Frequency;Intelligent networks;Interference;K-band;Land mobile radio cellular systems;Mobile communication;Upper bound}, 
doi={10.1109/INFCOM.1998.662943}, 
url={https://doi.org/10.1109/INFCOM.1998.662943},
ISSN={0743-166X}, 
month={Mar},}
